% This file is used for Appendix: Publications

@inproceedings{example1_published,
  title={Example 1},
  author={\textbf{Your, Name} et al},
  year={2022},
  booktitle={Conference},
}

@inproceedings{example2_published,
  title={Example 2},
  author={\textbf{Your, Name} et al},
  year={2023},
  booktitle={Conference},
}

@inproceedings{example3_review,
  title={Example 3},
  author={\textbf{Your, Name} et al},
  year={2023},
  booktitle={Conference},
}

@inproceedings{example4_prepare,
  title={Example 4},
  author={\textbf{Your, Name} et al},
  year={2024},
  booktitle={Conference},
}
